<record><leader>00000cas a22000007a 4500</leader><controlfield tag="001">13048056</controlfield><controlfield tag="008">860122d19071911wvuwr ne      0    0eng d</controlfield><datafield ind1=" " ind2=" " tag="010"><subfield code="a">sn 86092085 </subfield></datafield><datafield ind1=" " ind2=" " tag="040"><subfield code="a">WVC</subfield><subfield code="b">eng</subfield><subfield code="c">WVC</subfield><subfield code="d">OCL</subfield><subfield code="d">OCLCQ</subfield></datafield><datafield ind1=" " ind2=" " tag="042"><subfield code="a">msc</subfield></datafield><datafield ind1="0" ind2="4" tag="245"><subfield code="a">The Williamson enterprise.</subfield></datafield><datafield ind1=" " ind2=" " tag="260"><subfield code="a">Williamson, W. Va. :</subfield><subfield code="b">W.B. Morrison,</subfield><subfield code="c">-1911.</subfield></datafield><datafield ind1=" " ind2=" " tag="300"><subfield code="a">v.</subfield></datafield><datafield ind1=" " ind2=" " tag="310"><subfield code="a">Weekly</subfield></datafield><datafield ind1="1" ind2=" " tag="362"><subfield code="a">Began in 1907?</subfield></datafield><datafield ind1="0" ind2=" " tag="362"><subfield code="a">-v. 5, no. 6 (June 1, 1911).</subfield></datafield><datafield ind1=" " ind2=" " tag="580"><subfield code="a">Preceded by: Southern West Virginian (non-extant).</subfield></datafield><datafield ind1=" " ind2=" " tag="588"><subfield code="a">Description based on: Vol. 2, no. 6 (June 4, 1908).</subfield></datafield><datafield ind1=" " ind2=" " tag="752"><subfield code="a">United States</subfield><subfield code="b">West Virginia</subfield><subfield code="c">Mingo</subfield><subfield code="d">Williamson.</subfield></datafield><datafield ind1="0" ind2="0" tag="780"><subfield code="t">Southern West Virginian</subfield></datafield><datafield ind1="0" ind2="4" tag="785"><subfield code="t">Progressive West Virginian</subfield><subfield code="w">(DLC)sn 86092086</subfield></datafield><datafield ind1="1" ind2=" " tag="029"><subfield code="a">AU@</subfield><subfield code="b">000023451130</subfield></datafield></record>